% Encoding: UTF-8

@InProceedings{regin,
  author    = {Jean{-}Charles R{\'{e}}gin},
  title     = {Generalized Arc Consistency for Global Cardinality Constraint},
  booktitle = {Proceedings of the Thirteenth National Conference on Artificial Intelligence and Eighth Innovative Applications of Artificial Intelligence Conference, {AAAI} 96, {IAAI} 96, Portland, Oregon, August 4-8, 1996, Volume 1.},
  year      = {1996},
  pages     = {209--215},
  bibsource = {dblp computer science bibliography, http://dblp.org},
  biburl    = {http://dblp.org/rec/bib/conf/aaai/Regin96},
  crossref  = {DBLP:conf/aaai/1996-1},
  timestamp = {Tue, 19 Nov 2013 18:10:38 +0100},
  url       = {http://www.aaai.org/Library/AAAI/1996/aaai96-031.php},
}

@Book{DBLP:books/daglib/0023376,
  title     = {Introduction to Algorithms, 3rd Edition},
  publisher = {{MIT} Press},
  year      = {2009},
  author    = {Thomas H. Cormen and Charles E. Leiserson and Ronald L. Rivest and Clifford Stein},
  isbn      = {978-0-262-03384-8},
  bibsource = {dblp computer science bibliography, http://dblp.org},
  biburl    = {http://dblp.org/rec/bib/books/daglib/0023376},
  timestamp = {Fri, 12 May 2017 13:30:20 +0200},
  url       = {http://mitpress.mit.edu/books/introduction-algorithms},
}

@Article{SorlinS082010,
  author    = {Christine Solnon},
  title     = {AllDifferent-based filtering for subgraph isomorphism},
  journal   = {Artif. Intell.},
  year      = {2010},
  volume    = {174},
  number    = {12-13},
  pages     = {850--864},
  bibsource = {dblp computer science bibliography, http://dblp.org},
  biburl    = {http://dblp.org/rec/bib/journals/ai/Solnon10},
  doi       = {10.1016/j.artint.2010.05.002},
  timestamp = {Sat, 27 May 2017 14:24:41 +0200},
  url       = {https://doi.org/10.1016/j.artint.2010.05.002},
}

@Article{SorlinS08,
  author    = {S{\'{e}}bastien Sorlin and Christine Solnon},
  title     = {A parametric filtering algorithm for the graph isomorphism problem},
  journal   = {Constraints},
  year      = {2008},
  volume    = {13},
  number    = {4},
  pages     = {518--537},
  bibsource = {dblp computer science bibliography, http://dblp.org},
  biburl    = {http://dblp.org/rec/bib/journals/constraints/SorlinS08},
  doi       = {10.1007/s10601-008-9044-1},
  timestamp = {Sat, 20 May 2017 00:25:22 +0200},
  url       = {https://doi.org/10.1007/s10601-008-9044-1},
}

@Article{TakapouiB16,
  author        = {Reza Takapoui and Stephen P. Boyd},
  title         = {Linear Programming Heuristics for the Graph Isomorphism Problem},
  journal       = {CoRR},
  year          = {2016},
  volume        = {abs/1611.00711},
  archiveprefix = {arXiv},
  bibsource     = {dblp computer science bibliography, http://dblp.org},
  biburl        = {http://dblp.org/rec/bib/journals/corr/TakapouiB16},
  eprint        = {1611.00711},
  timestamp     = {Thu, 06 Jul 2017 06:49:34 +0200},
  url           = {http://arxiv.org/abs/1611.00711},
}

@Comment{jabref-meta: databaseType:bibtex;}
